<collection xmlns="http://www.loc.gov/MARC21/slim"><record><leader>00864nam  2200265   450</leader><controlfield tag="001">238</controlfield><controlfield tag="003">http://montalegre.opacnet.com/OPAC/default.aspx?ContentAreaControl=ShowRegHoldings.ascx&amp;RegNo=16662</controlfield><datafield tag="021" ind1=" " ind2=" "><subfield code="a">PT</subfield><subfield code="b">5487/84</subfield></datafield><datafield tag="100" ind1=" " ind2=" "><subfield code="a">20061013d1984----m  y0            ba</subfield></datafield><datafield tag="101" ind1="1" ind2=" "><subfield code="a">por</subfield><subfield code="c">eng</subfield></datafield><datafield tag="102" ind1=" " ind2=" "><subfield code="a">PT</subfield></datafield><datafield tag="200" ind1="1" ind2=" "><subfield code="a">&lt;A &gt;linha de sombra</subfield><subfield code="f">Joseph Conrad</subfield><subfield code="g">trad. Maria Teresa Sá e Miguel Serras Pereira</subfield></datafield><datafield tag="205" ind1=" " ind2=" "><subfield code="a">1ª ed</subfield></datafield><datafield tag="210" ind1=" " ind2=" "><subfield code="a">Lisboa</subfield><subfield code="c">Relógio d'Água</subfield><subfield code="d">D.L. 1984</subfield></datafield><datafield tag="215" ind1=" " ind2=" "><subfield code="a">151 p.</subfield><subfield code="d">21 cm</subfield></datafield><datafield tag="225" ind1="2" ind2=" "><subfield code="a">Ficções</subfield></datafield><datafield tag="606" ind1="1" ind2=" "><subfield code="a">Literatura inglesa</subfield></datafield><datafield tag="608" ind1=" " ind2=" "><subfield code="a">Prosa narrativa</subfield></datafield><datafield tag="675" ind1=" " ind2=" "><subfield code="a">821</subfield><subfield code="v">BN</subfield><subfield code="z">por</subfield></datafield><datafield tag="700" ind1=" " ind2="1"><subfield code="a">Conrad</subfield><subfield code="b">Joseph</subfield><subfield code="f">1857-1924</subfield></datafield><datafield tag="702" ind1=" " ind2="1"><subfield code="a">Sá</subfield><subfield code="b">Maria Teresa</subfield><subfield code="4">730</subfield></datafield><datafield tag="702" ind1=" " ind2="1"><subfield code="a">Pereira</subfield><subfield code="b">Miguel Serras</subfield><subfield code="f">1949-</subfield><subfield code="4">730</subfield></datafield><datafield tag="801" ind1=" " ind2="0"><subfield code="a">PT</subfield><subfield code="b">Biblioteca Municipal de Montalegre</subfield><subfield code="g">RPC</subfield></datafield><datafield tag="856" ind1=" " ind2=" "><subfield code="u">locateMedia.asp?cod=20060510151723&amp;ext=jpg</subfield><subfield code="z">CAPA</subfield></datafield><datafield tag="909" ind1="&#9;" ind2=" "><subfield code="a">2</subfield></datafield><datafield tag="966" ind1=" " ind2=" "><subfield code="a">0008276</subfield><subfield code="l">BMM</subfield><subfield code="s">SCG 821 CON lin</subfield></datafield><datafield tag="966" ind1=" " ind2=" "><subfield code="a">0008382</subfield><subfield code="l">BMM</subfield><subfield code="s">SCG 821 CON lin</subfield></datafield></record></collection>